<record><leader>00000cas a22000007a 4500</leader><controlfield tag="001">19028225</controlfield><controlfield tag="008">890117c19679999pauwr ne      0    0eng d</controlfield><datafield ind1=" " ind2=" " tag="010"><subfield code="a">sn 89077843 </subfield></datafield><datafield ind1=" " ind2=" " tag="040"><subfield code="a">NPH</subfield><subfield code="b">eng</subfield><subfield code="c">NPH</subfield><subfield code="d">OCLCQ</subfield></datafield><datafield ind1=" " ind2=" " tag="042"><subfield code="a">msc</subfield></datafield><datafield ind1="0" ind2=" " tag="130"><subfield code="a">Town talk (Folsom, Pa. : Southern ed.)</subfield></datafield><datafield ind1="1" ind2="0" tag="245"><subfield code="a">Town talk.</subfield></datafield><datafield ind1=" " ind2=" " tag="250"><subfield code="a">Southern ed.</subfield></datafield><datafield ind1=" " ind2=" " tag="260"><subfield code="a">Folsom, Pa. :</subfield><subfield code="b">Wing Publications</subfield></datafield><datafield ind1=" " ind2=" " tag="300"><subfield code="a">v. :</subfield><subfield code="b">ill. ;</subfield><subfield code="c">44 cm.</subfield></datafield><datafield ind1=" " ind2=" " tag="310"><subfield code="a">Weekly</subfield></datafield><datafield ind1="1" ind2=" " tag="362"><subfield code="a">Began in 1967?</subfield></datafield><datafield ind1=" " ind2=" " tag="500"><subfield code="a">Title serves: Ridley Township, Holmes, Ridley Park, Folcroft, Darby, Prospect Park, Norwood, Glenolden, Sharon Hill and Collingdale.</subfield></datafield><datafield ind1=" " ind2=" " tag="500"><subfield code="a">Published in various editions.</subfield></datafield><datafield ind1=" " ind2=" " tag="588"><subfield code="a">Description based on: Vol. 21, no. 46 (Nov. 16, 1988).</subfield></datafield><datafield ind1=" " ind2=" " tag="752"><subfield code="a">United States</subfield><subfield code="b">Pennsylvania</subfield><subfield code="c">Delaware</subfield><subfield code="d">Folsom.</subfield></datafield></record>